@Manual{R-base,
  title = {R: A Language and Environment for Statistical Computing},
  author = {{R Core Team}},
  organization = {R Foundation for Statistical Computing},
  address = {Vienna, Austria},
  year = {2020},
  url = {https://www.R-project.org/},
}
@Manual{R-papaja,
  author = {Frederik Aust and Marius Barth},
  title = {{papaja}: {Create} {APA} manuscripts with {R Markdown}},
  year = {2020},
  note = {R package version 0.1.0.9997},
  url = {https://github.com/crsh/papaja},
}
@Manual{R-RevoUtils,
  title = {RevoUtils: Microsoft R Utility Package},
  author = {Microsoft Corporation},
  year = {2020},
  note = {R package version 11.0.2},
}
@Manual{R-RevoUtilsMath,
  title = {RevoUtilsMath: Microsoft R Services Math Utilities Package},
  author = {Microsoft Corporation},
  year = {2018},
  note = {R package version 11.0.0},
}
@Manual{R-dplyr,
  title = {dplyr: A Grammar of Data Manipulation},
  author = {Hadley Wickham and Romain François and Lionel Henry and Kirill Müller},
  year = {2020},
  note = {R package version 1.0.0},
  url = {https://CRAN.R-project.org/package=dplyr},
}
@Manual{R-forcats,
  title = {forcats: Tools for Working with Categorical Variables (Factors)},
  author = {Hadley Wickham},
  year = {2020},
  note = {R package version 0.5.0},
  url = {https://CRAN.R-project.org/package=forcats},
}
@Book{R-ggplot2,
  author = {Hadley Wickham},
  title = {ggplot2: Elegant Graphics for Data Analysis},
  publisher = {Springer-Verlag New York},
  year = {2016},
  isbn = {978-3-319-24277-4},
  url = {https://ggplot2.tidyverse.org},
}
@Manual{R-purrr,
  title = {purrr: Functional Programming Tools},
  author = {Lionel Henry and Hadley Wickham},
  year = {2020},
  note = {R package version 0.3.4},
  url = {https://CRAN.R-project.org/package=purrr},
}
@Manual{R-readr,
  title = {readr: Read Rectangular Text Data},
  author = {Hadley Wickham and Jim Hester and Romain Francois},
  year = {2018},
  note = {R package version 1.3.1},
  url = {https://CRAN.R-project.org/package=readr},
}
@Manual{R-stringr,
  title = {stringr: Simple, Consistent Wrappers for Common String Operations},
  author = {Hadley Wickham},
  year = {2019},
  note = {R package version 1.4.0},
  url = {https://CRAN.R-project.org/package=stringr},
}
@Manual{R-tibble,
  title = {tibble: Simple Data Frames},
  author = {Kirill Müller and Hadley Wickham},
  year = {2020},
  note = {R package version 3.0.3},
  url = {https://CRAN.R-project.org/package=tibble},
}
@Manual{R-tidyr,
  title = {tidyr: Tidy Messy Data},
  author = {Hadley Wickham and Lionel Henry},
  year = {2020},
  note = {R package version 1.1.0},
  url = {https://CRAN.R-project.org/package=tidyr},
}
@Article{R-tidyverse,
  title = {Welcome to the {tidyverse}},
  author = {Hadley Wickham and Mara Averick and Jennifer Bryan and Winston Chang and Lucy D'Agostino McGowan and Romain François and Garrett Grolemund and Alex Hayes and Lionel Henry and Jim Hester and Max Kuhn and Thomas Lin Pedersen and Evan Miller and Stephan Milton Bache and Kirill Müller and Jeroen Ooms and David Robinson and Dana Paige Seidel and Vitalie Spinu and Kohske Takahashi and Davis Vaughan and Claus Wilke and Kara Woo and Hiroaki Yutani},
  year = {2019},
  journal = {Journal of Open Source Software},
  volume = {4},
  number = {43},
  pages = {1686},
  doi = {10.21105/joss.01686},
}
@Article{R-colorspace_a,
  title = {Escaping {RGB}land: Selecting Colors for Statistical Graphics},
  author = {Achim Zeileis and Kurt Hornik and Paul Murrell},
  journal = {Computational Statistics \& Data Analysis},
  year = {2009},
  volume = {53},
  number = {9},
  pages = {3259--3270},
  doi = {10.1016/j.csda.2008.11.033},
}
@Article{R-colorspace_b,
  title = {Somewhere over the Rainbow: How to Make Effective Use of Colors in Meteorological Visualizations},
  author = {Reto Stauffer and Georg J. Mayr and Markus Dabernig and Achim Zeileis},
  journal = {Bulletin of the American Meteorological Society},
  year = {2009},
  volume = {96},
  number = {2},
  pages = {203--216},
  doi = {10.1175/BAMS-D-13-00155.1},
}
@Manual{R-rnaturalearth,
  title = {rnaturalearth: World Map Data from Natural Earth},
  author = {Andy South},
  year = {2017},
  note = {R package version 0.1.0},
  url = {https://CRAN.R-project.org/package=rnaturalearth},
}
@Article{R-sf,
  author = {Edzer Pebesma},
  title = {{Simple Features for R: Standardized Support for Spatial Vector Data}},
  year = {2018},
  journal = {{The R Journal}},
  doi = {10.32614/RJ-2018-009},
  url = {https://doi.org/10.32614/RJ-2018-009},
  pages = {439--446},
  volume = {10},
  number = {1},
}
@Manual{R-cowplot,
  title = {cowplot: Streamlined Plot Theme and Plot Annotations for 'ggplot2'},
  author = {Claus O. Wilke},
  year = {2019},
  note = {R package version 1.0.0},
  url = {https://CRAN.R-project.org/package=cowplot},
}
@Manual{R-doBy,
  title = {doBy: Groupwise Statistics, LSmeans, Linear Contrasts, Utilities},
  author = {Søren Højsgaard and Ulrich Halekoh},
  year = {2020},
  note = {R package version 4.6.7},
  url = {https://CRAN.R-project.org/package=doBy},
}
@Manual{R-ggpubr,
  title = {ggpubr: 'ggplot2' Based Publication Ready Plots},
  author = {Alboukadel Kassambara},
  year = {2020},
  note = {R package version 0.4.0},
  url = {https://CRAN.R-project.org/package=ggpubr},
}
@Manual{R-ggrepel,
  title = {ggrepel: Automatically Position Non-Overlapping Text Labels with
'ggplot2'},
  author = {Kamil Slowikowski},
  year = {2020},
  note = {R package version 0.8.2},
  url = {https://CRAN.R-project.org/package=ggrepel},
}
@Manual{R-ggspatial,
  title = {ggspatial: Spatial Data Framework for ggplot2},
  author = {Dewey Dunnington},
  year = {2020},
  note = {R package version 1.1.4},
  url = {https://CRAN.R-project.org/package=ggspatial},
}
@Manual{R-ggtext,
  title = {ggtext: Improved Text Rendering Support for 'ggplot2'},
  author = {Claus O. Wilke},
  year = {2020},
  note = {R package version 0.1.0},
  url = {https://CRAN.R-project.org/package=ggtext},
}
@Manual{R-latex2exp,
  title = {latex2exp: Use LaTeX Expressions in Plots},
  author = {Stefano Meschiari},
  year = {2015},
  note = {R package version 0.4.0},
  url = {https://CRAN.R-project.org/package=latex2exp},
}
@Manual{R-mapdata,
  title = {mapdata: Extra Map Databases},
  author = {Original S code by Richard A. Becker and Allan R. Wilks. R version by Ray Brownrigg.},
  year = {2018},
  note = {R package version 2.3.0},
  url = {https://CRAN.R-project.org/package=mapdata},
}
@Manual{R-maps,
  title = {maps: Draw Geographical Maps},
  author = {Original S code by Richard A. Becker and Allan R. Wilks. R version by Ray Brownrigg. Enhancements by Thomas P Minka and Alex Deckmyn.},
  year = {2018},
  note = {R package version 3.3.0},
  url = {https://CRAN.R-project.org/package=maps},
}
@Article{R-prevR,
  title = {Methods for mapping regional trends of HIV prevalence from Demographic and Health Surveys (DHS)},
  author = {Joseph Larmarange and Roselyne Vallo and Seydou Yaro and Philippe Msellati and Nicolas Meda},
  journal = {Cybergeo: European Journal of Geography},
  year = {2011},
  number = {558},
  url = {http://cybergeo.revues.org/24606},
  doi = {10.4000/cybergeo.24606},
}
@Manual{R-raster,
  title = {raster: Geographic Data Analysis and Modeling},
  author = {Robert J. Hijmans},
  year = {2020},
  note = {R package version 3.3-7},
  url = {https://CRAN.R-project.org/package=raster},
}
@Manual{R-RColorBrewer,
  title = {RColorBrewer: ColorBrewer Palettes},
  author = {Erich Neuwirth},
  year = {2014},
  note = {R package version 1.1-2},
  url = {https://CRAN.R-project.org/package=RColorBrewer},
}
@Manual{R-scales,
  title = {scales: Scale Functions for Visualization},
  author = {Hadley Wickham and Dana Seidel},
  year = {2020},
  note = {R package version 1.1.1},
  url = {https://CRAN.R-project.org/package=scales},
}
@Article{R-sp,
  author = {Edzer J. Pebesma and Roger S. Bivand},
  title = {Classes and methods for spatial data in {R}},
  journal = {R News},
  year = {2005},
  volume = {5},
  number = {2},
  pages = {9--13},
  month = {November},
  url = {https://CRAN.R-project.org/doc/Rnews/},
}
@Manual{R-a4adiags,
  title = {a4adiags: Additional Diagnostics for FLa4a stock Assessment Models},
  author = {Iago Mosqueira and Henning Winker},
  year = {2021},
  note = {R package version 0.1.4},
}
@Article{R-coda,
  title = {CODA: Convergence Diagnosis and Output Analysis for MCMC},
  author = {Martyn Plummer and Nicky Best and Kate Cowles and Karen Vines},
  journal = {R News},
  year = {2006},
  volume = {6},
  number = {1},
  pages = {7--11},
  url = {https://journal.r-project.org/archive/},
  pdf = {https://www.r-project.org/doc/Rnews/Rnews_2006-1.pdf},
}
@Article{R-copula_a,
  title = {Enjoy the Joy of Copulas: With a Package {copula}},
  author = {{Jun Yan}},
  journal = {Journal of Statistical Software},
  year = {2007},
  volume = {21},
  number = {4},
  pages = {1--21},
  url = {http://www.jstatsoft.org/v21/i04/},
}
@Article{R-copula_b,
  title = {Modeling Multivariate Distributions with Continuous Margins Using the {copula} {R} Package},
  author = {{Ivan Kojadinovic} and {Jun Yan}},
  journal = {Journal of Statistical Software},
  year = {2010},
  volume = {34},
  number = {9},
  pages = {1--20},
  url = {http://www.jstatsoft.org/v34/i09/},
}
@Article{R-copula_c,
  title = {Nested Archimedean Copulas Meet {R}: The {nacopula} Package},
  author = {{Marius Hofert} and {Martin M\"achler}},
  journal = {Journal of Statistical Software},
  year = {2011},
  volume = {39},
  number = {9},
  pages = {1--20},
  url = {http://www.jstatsoft.org/v39/i09/},
}
@Article{R-FactoMineR,
  title = {{FactoMineR}: A Package for Multivariate Analysis},
  author = {S\'ebastien L\^e and Julie Josse and Fran\c{c}ois Husson},
  journal = {Journal of Statistical Software},
  year = {2008},
  volume = {25},
  number = {1},
  pages = {1--18},
  doi = {10.18637/jss.v025.i01},
}
@Article{R-FLa4a,
  title = {a4a: A flexible and robust stock assessment framework},
  journal = {Subbmitted to PLOSone},
  volume = {xx},
  number = {x},
  pages = {xx-xx},
  year = {201x},
  author = {Colin P. Millar and Ernesto Jardim and G. Chato Osio and Iago Mosqueira},
}
@Manual{R-FLBRP,
  title = {FLBRP: Reference Points for Fisheries Management},
  author = {Laurence T. Kell and Finlay Scott},
  year = {2021},
  note = {R package version 2.5.8},
  url = {http://flr-project.org/FLBRP},
}
@Article{R-FLCore,
  title = {FLR: an open-source framework for the evaluation and development of management strategies},
  author = {L.T. Kell and I. Mosqueira and P. Grosjean and J-M. Fromentin and D. Garcia and R. Hillary and E. Jardim and S. Mardle and M.A. Pastoors and J.J. Poos and F. Scott and R.D. Scott},
  journal = {ICES Journal of Marine Science},
  year = {2007},
  volume = {64},
  pages = {640-646},
}
@Manual{R-FLSRTMB,
  title = {FLSRTMB: FLSR in TMB},
  author = {Henning Winker and Iago Mosqueira},
  year = {2021},
  note = {R package version 1.0.4},
}
@Manual{R-ggplotFL,
  title = {ggplotFL: Using ggplot2 in FLR},
  author = {Laurence T. Kell},
  year = {2021},
  note = {R package version 2.6.10},
  url = {http://flr-project.org/ggplotFL},
}
@Manual{R-gridExtra,
  title = {gridExtra: Miscellaneous Functions for "Grid" Graphics},
  author = {Baptiste Auguie},
  year = {2017},
  note = {R package version 2.3},
  url = {https://CRAN.R-project.org/package=gridExtra},
}
@Manual{R-iterators,
  title = {iterators: Provides Iterator Construct},
  author = {Revolution Analytics and Steve Weston},
  year = {2019},
  note = {R package version 1.0.12},
  url = {https://CRAN.R-project.org/package=iterators},
}
@Book{R-lattice,
  title = {Lattice: Multivariate Data Visualization with R},
  author = {Deepayan Sarkar},
  publisher = {Springer},
  address = {New York},
  year = {2008},
  note = {ISBN 978-0-387-75968-5},
  url = {http://lmdvr.r-forge.r-project.org},
}
@Manual{R-latticeExtra,
  title = {latticeExtra: Extra Graphical Utilities Based on Lattice},
  author = {Deepayan Sarkar and Felix Andrews},
  year = {2019},
  note = {R package version 0.6-29},
  url = {https://CRAN.R-project.org/package=latticeExtra},
}
@Manual{R-triangle,
  title = {triangle: Provides the Standard Distribution Functions for the Triangle
Distribution},
  author = {Rob Carnell},
  year = {2019},
  note = {R package version 0.12},
  url = {https://CRAN.R-project.org/package=triangle},
}
@Article{R-lubridate,
  title = {Dates and Times Made Easy with {lubridate}},
  author = {Garrett Grolemund and Hadley Wickham},
  journal = {Journal of Statistical Software},
  year = {2011},
  volume = {40},
  number = {3},
  pages = {1--25},
  url = {https://www.jstatsoft.org/v40/i03/},
}
@Manual{R-tinylabels,
  title = {{tinylabels}: Lightweight Variable Labels},
  author = {Marius Barth},
  year = {2022},
  note = {R package version 0.2.3},
  url = {https://cran.r-project.org/package=tinylabels},
}
